@article{gonzalez-barahona-2021,
  author =	 {Gonzalez-Barahona, Jesus M.},
  journal =	 {Computer},
  title =	 {A Brief History of Free, Open Source Software and
                  Its Communities},
  year =	 2021,
  volume =	 54,
  number =	 2,
  pages =	 {75-79},
  url =
                  {https://ieeexplore.ieee.org/stamp/stamp.jsp?tp=&arnumber=9353517&isnumber=9353489},
  doi =		 {10.1109/MC.2020.3041887}
}

@misc{stallman-2021-linux-and-gnu-it,
  title =	 {Linux e il sistema GNU},
  url =		 {https://www.gnu.org/gnu/linux-and-gnu.it.html},
  author =	 {Stallman, Richard},
  year =	 2021
}

@misc{android-developers-2023-platform-architecture,
  title =	 {Platform Architecture},
  url =		 {https://developer.android.com/guide/platform},
  author =	 {Android Developers},
  year =	 2023
}

@article{stallman-2011-is-android-really-free-software,
  title =	 {Is Android really free software?},
  ISSN =	 {0261-3077},
  url =
                  {https://www.theguardian.com/technology/2011/sep/19/android-free-software-stallman},
  abstractNote = {Richard Stallman: Google’s smartphone code is often
                  described as “open” or “free” - but when examined by
                  the Free Software Foundation, it starts to look like
                  something different},
  journal =	 {The Guardian},
  author =	 {Stallman, Richard},
  year =	 2011,
  month =	 {Sep},
  language =	 {en-GB}
}
 
@article{spinellis-2017,
  title =	 {A repository of Unix history and evolution},
  volume =	 22,
  ISSN =	 {1573-7616},
  url =		 {https://doi.org/10.1007/s10664-016-9445-5},
  DOI =		 {10.1007/s10664-016-9445-5},
  number =	 3,
  journal =	 {Empirical Software Engineering},
  author =	 {Spinellis, Diomidis},
  year =	 2017,
  month =	 {Jun},
  pages =	 {1372–1404},
  language =	 {en}
}
