
@misc{direttiva_2009_24,
	title = {Direttiva 2009/24/{CE} del {Parlamento} europeo e del {Consiglio}, del 23 aprile 2009, relativa alla tutela giuridica dei programmi per elaboratore ({Versione} codificata) ({Testo} rilevante ai fini del {SEE})},
	url = {http://data.europa.eu/eli/dir/2009/24/oj/ita},
	language = {it},
	author = {{Parlamento europeo e Consiglio}},
	month = apr,
	year = {2009},
}
